<record><leader>00000cas a22000007a 4500</leader><controlfield tag="001">13085043</controlfield><controlfield tag="008">860130d18771878njuwr ne      0    0eng d</controlfield><datafield ind1=" " ind2=" " tag="010"><subfield code="a">sn 86077015 </subfield></datafield><datafield ind1=" " ind2=" " tag="040"><subfield code="a">NPA</subfield><subfield code="b">eng</subfield><subfield code="c">NPA</subfield><subfield code="d">NJW</subfield><subfield code="d">OCLCQ</subfield></datafield><datafield ind1=" " ind2=" " tag="042"><subfield code="a">msc</subfield></datafield><datafield ind1="0" ind2="4" tag="245"><subfield code="a">The Dunellen rock.</subfield></datafield><datafield ind1=" " ind2=" " tag="260"><subfield code="a">Dunellen, N.J. :</subfield><subfield code="b">C.E.A. McGeachy</subfield></datafield><datafield ind1=" " ind2=" " tag="300"><subfield code="a">v. :</subfield><subfield code="b">ill. (chiefly advertisements) ;</subfield><subfield code="c">56 cm.</subfield></datafield><datafield ind1=" " ind2=" " tag="310"><subfield code="a">Weekly</subfield></datafield><datafield ind1="1" ind2=" " tag="362"><subfield code="a">Began in Nov. 1877; ceased with May 25, 1878 issue.</subfield><subfield code="z">Cf. Wright, W.C. and Stellhorn, P.A. Direct. of N.J. newspapers.</subfield></datafield><datafield ind1=" " ind2=" " tag="588"><subfield code="a">Description based on: Vol. 1, no. 16 (Feb. 23, 1878).</subfield></datafield><datafield ind1=" " ind2=" " tag="752"><subfield code="a">United States</subfield><subfield code="b">New Jersey</subfield><subfield code="c">Middlesex</subfield><subfield code="d">Dunellen.</subfield></datafield><datafield ind1="0" ind2="0" tag="785"><subfield code="t">Rock (Dunellen, N.J. : 1878)</subfield><subfield code="w">(DLC)sn 85035852</subfield><subfield code="w">(OCoLC)13085046</subfield></datafield></record>